<?xml version="1.0" encoding="UTF-8"?><record xmlns="http://www.loc.gov/MARC21/slim" xmlns:cinclude="http://apache.org/cocoon/include/1.0" xmlns:zs="http://www.loc.gov/zing/srw/">
  <leader>00523nz  a2200133n  4500</leader>
  <controlfield tag="001">no2010066317</controlfield>
  <controlfield tag="003">DLC</controlfield>
  <controlfield tag="005">20100423075240.0</controlfield>
  <controlfield tag="008">100421n| acannaabn          |n ana     c</controlfield>
  <datafield tag="010" ind1=" " ind2=" ">
    <subfield code="a">no2010066317</subfield>
  </datafield>
  <datafield tag="035" ind1=" " ind2=" ">
    <subfield code="a">(OCoLC)oca08469706</subfield>
  </datafield>
  <datafield tag="040" ind1=" " ind2=" ">
    <subfield code="a">TNJ</subfield>
    <subfield code="b">eng</subfield>
    <subfield code="c">TNJ</subfield>
  </datafield>
  <datafield tag="110" ind1="2" ind2=" ">
    <subfield code="a">United Nations.</subfield>
    <subfield code="b">Commission of Inquiry on the Reported Massacres in Mozambique</subfield>
  </datafield>
  <datafield tag="670" ind1=" " ind2=" ">
    <subfield code="a">Report of the Commission of Inquiry on the Reported Massacres in Mozambique, 1974:</subfield>
    <subfield code="b">t.p. (United Nations, Commission of Inquiry on the Reported Massacres in Mozambique)</subfield>
  </datafield>
</record>